<record><leader>00000cas a22000007a 4500</leader><controlfield tag="001">14053175</controlfield><controlfield tag="008">860806d18791892txuwr ne      0    0eng d</controlfield><datafield ind1=" " ind2=" " tag="010"><subfield code="a">sn 86088124 </subfield></datafield><datafield ind1=" " ind2=" " tag="040"><subfield code="a">PPM</subfield><subfield code="b">eng</subfield><subfield code="c">PPM</subfield><subfield code="d">OCLCQ</subfield></datafield><datafield ind1=" " ind2=" " tag="042"><subfield code="a">msc</subfield></datafield><datafield ind1="0" ind2="4" tag="245"><subfield code="a">The Austin County times.</subfield></datafield><datafield ind1=" " ind2=" " tag="260"><subfield code="a">Bellville, Tex. :</subfield><subfield code="b">W.C. Hill</subfield></datafield><datafield ind1=" " ind2=" " tag="300"><subfield code="a">v. :</subfield><subfield code="b">ill. (chiefly advertisements)</subfield></datafield><datafield ind1=" " ind2=" " tag="310"><subfield code="a">Weekly</subfield></datafield><datafield ind1="1" ind2=" " tag="362"><subfield code="a">Began in Nov. 1879; ceased Jan. 1892.</subfield></datafield><datafield ind1=" " ind2=" " tag="580"><subfield code="a">Merged with: The Bellville standard, to form: The Times-standard.</subfield></datafield><datafield ind1=" " ind2=" " tag="588"><subfield code="a">Description based on: Vol. 4, no. 44 (Sept. 15, 1883).</subfield></datafield><datafield ind1=" " ind2=" " tag="752"><subfield code="a">United States</subfield><subfield code="b">Texas</subfield><subfield code="c">Austin</subfield><subfield code="d">Bellville.</subfield></datafield><datafield ind1="1" ind2="7" tag="785"><subfield code="t">Bellville standard</subfield></datafield><datafield ind1="1" ind2="7" tag="785"><subfield code="t">Times-standard</subfield></datafield></record>